@misc{farmer,
author = {農林水産省},
title = {力強く持続可能な農業構造の実現に向けた担い手の育成・確保},
howpublished = {\url{https://www.maff.go.jp/j/wpaper/w_maff/r5/r5_h/trend/part1/chap4/c4_2_00.html}},
month = {},
year = {},
note = {(Accessed on 12/29/2024)}
}

@article{finray,
author = {Bac, C. Wouter and others},
title = {"Performance evaluation of a harvesting robot for sweet pepper."},
Journal = {Journal of Field Robotics 34.6},
volume = {},
number = {},
month = {},
year = {2017},
pages = {1123-1139},
note = {}
}

@article{sweeper,
author = {Arad, Boaz and others},
title = {"Development of a sweet pepper harvesting robot."},
Journal = {Journal of Field Robotics 37.6},
volume = {},
number = {},
month = {},
year = {2020},
pages = {1027-1039},
note = {}
}

@misc{agrist,
author = {AGRIST},
title = {吊り下げ式ピーマン自動収穫ロボット「{L}」},
howpublished = {\url{https://agrist.com/archives/6505}},
month = {},
year = {},
note = {(Accessed on 12/29/2024)}
}

@misc{artecleo,
author = {Artec 3D},
title = {Artec {L}eo},
howpublished = {\url{https://www.artec3d.com/ja/portable-3d-scanners/artec-leo}},
month = {},
year = {},
note = {(Accessed on 12/29/2024)}
}